@article{2020,
    title={{Riemann-Theta Boltzmann machine}},
    volume={388},
    ISSN={0925-2312},
    url={http://dx.doi.org/10.1016/j.neucom.2020.01.011},
    DOI={10.1016/j.neucom.2020.01.011},
    journal={Neurocomputing},
    publisher={Elsevier BV},
    author={Krefl, Daniel and Carrazza, Stefano and Haghighat, Babak and Kahlen, Jens},
    year={2017},
    month={May},
    pages={334â€“345} }
    
@article{Carrazza:2018nmd,
     author = "Carrazza, Stefano and Krefl, Daniel",
     title = "{Sampling the Riemann-Theta Boltzmann Machine}",
     eprint = "1804.07768",
     archivePrefix = "arXiv",
     primaryClass = "stat.ML",
     reportNumber = "CERN-TH-2018-085",
     doi = "10.1016/j.cpc.2020.107464",
     journal = "Comput. Phys. Commun.",
     volume = "256",
     pages = "107464",
     year = "2018"
 }

  @misc{new,
      title={{Product Jacobi-Theta Boltzmann machines with score matching}}, 
      author={In preparation Pasquale et al.},
      year={2022},
      % eprint={nlin/0206009},
      % archivePrefix={arXiv},
      % primaryClass={nlin.SI}
}

 @misc{deconinck2002computing,
      title={{Computing Riemann Theta Functions}}, 
      author={Bernard Deconinck and Matthias Heil and Alexander Bobenko and Mark van Hoeij and Markus Schmies},
      year={2002},
      eprint={nlin/0206009},
      archivePrefix={arXiv},
      primaryClass={nlin.SI}
}

@article{theta,
author = {Labrande, Hugo},
year = {2015},
month = {11},
pages = {},
title = {{Computing Jacobi's $\theta$ in quasi-linear time}},
volume = {87},
journal = {Mathematics of Computation},
doi = {10.1090/mcom/3245}
}

@misc{lyu2012interpretation,
      title={Interpretation and Generalization of Score Matching}, 
      author={Siwei Lyu},
      year={2012},
      eprint={1205.2629},
      archivePrefix={arXiv},
      primaryClass={cs.LG}
}